001  0000067
005  20170603114725.102
008  170429s||||     bl|||||||||||||||||por|u
020    $a9788561458799
090    $a394.2(=414)(813.8)$bB152
110 2  $aBahia. Governo do Estado
245 10 $aFesta de Santa Bárbara
260    $aSalvador, BA$bFundação Pedro Calmon; IPAC$c2010
300    $a76 P.$bil. color.$e1 dvd
490 0  $aCardenos do IPAC$vn. 5
650    $aEtinográfia
650    $aSanta Bárbara
650    $aFesta Religiosa
650    $aHistória
651    $aSalvador, BA
710 0_ $aBahia. Governo do Estado
